% Bibliografia generata automaticamente dal convertitore LaTeX->BibTeX
% Compatibile con biblatex e backend biber
% VERSIONE CORRETTA - Sintassi BibTeX valida

@book{myers1995,
  author = {Myers, I},
  title = {Gifts Differing: Understanding Personality Type},
  year = {1995},
  publisher = {Davies-Black Publishing}
}

@book{jung1971,
  author = {Jung, C},
  title = {Psychological Types},
  year = {1971},
  publisher = {Princeton University Press}
}

@book{quenk2000,
  author = {Quenk, N},
  title = {Essentials of Myers-Briggs Type Indicator Assessment},
  year = {2000},
  publisher = {John Wiley \& Sons}
}

@manual{briggs2015,
  author = {Briggs-Myers, I},
  title = {MBTI Manual: A Guide to the Development and Use of the Myers-Briggs Type Indicator Instrument},
  year = {2015},
  publisher = {CPP}
}

@book{tieger2014,
  author = {Tieger, P},
  title = {Do What You Are: Discover the Perfect Career for You Through the Secrets of Personality Type},
  year = {2014},
  publisher = {Little, Brown Spark}
}

@book{keirsey1998,
  author = {Keirsey, D},
  title = {Please Understand Me II: Temperament, Character, Intelligence},
  year = {1998},
  publisher = {Prometheus Nemesis Book Company}
}

@book{laws2001,
  author = {Laws, R},
  title = {Robin's Laws of Good Game Mastering},
  year = {2001},
  publisher = {Steve Jackson Games}
}

@book{laws2013,
  author = {Laws, R},
  title = {The Gamemaster's Guide to NPCs},
  year = {2013},
  publisher = {Pelgrane Press}
}

@book{koster2004,
  author = {Koster, R},
  title = {A Theory of Fun for Game Design},
  year = {2004},
  publisher = {Paraglyph Press}
}

@book{gygax1974,
  author = {Gygax, G},
  title = {Dungeons \& Dragons},
  year = {1974},
  publisher = {TSR}
}

@book{tweet2003,
  author = {Tweet, J},
  title = {Dungeons \& Dragons Player's Handbook: Core Rulebook I},
  year = {2003},
  publisher = {Wizards of the Coast}
}

@book{crawford2014,
  author = {Crawford, J},
  title = {Dungeons \& Dragons Player's Handbook (5th Edition)},
  year = {2014},
  publisher = {Wizards of the Coast}
}

@book{bulmahn2009,
  author = {Bulmahn, J},
  title = {Pathfinder Roleplaying Game Core Rulebook},
  year = {2009},
  publisher = {Paizo Publishing}
}

@book{bonner2019,
  author = {Bonner, L},
  title = {Pathfinder Second Edition Core Rulebook},
  year = {2019},
  publisher = {Paizo Publishing}
}

@book{achilli2007,
  author = {Achilli, J},
  title = {World of Darkness: Storytelling System Rulebook},
  year = {2007},
  publisher = {White Wolf Publishing}
}

@book{pondsmith1990,
  author = {Pondsmith, M},
  title = {Cyberpunk 2020},
  year = {1990},
  publisher = {Talsorian Games}
}

@book{charrette1992,
  author = {Charrette, R},
  title = {Shadowrun Second Edition},
  year = {1992},
  publisher = {FASA Corporation}
}

@book{baker2004,
  author = {Baker, V},
  title = {Dogs in the Vineyard},
  year = {2004},
  publisher = {Lumpley Games}
}

@book{harper2017,
  author = {Harper, J},
  title = {Blades in the Dark},
  year = {2017},
  publisher = {Evil Hat Productions}
}

@book{hicks2016,
  author = {Hicks, F},
  title = {Fate Core System},
  year = {2016},
  publisher = {Evil Hat Productions}
}

@book{gygax1989,
  author = {Gygax, G},
  title = {Advanced Dungeons \& Dragons Player's Handbook (2nd Edition)},
  year = {1989},
  publisher = {TSR}
}

@book{proctor2006,
  author = {Proctor, D},
  title = {Labyrinth Lord},
  year = {2006},
  publisher = {Goblinoid Games}
}

@book{finch2006,
  author = {Finch, M},
  title = {OSRIC: Old School Reference and Index Compilation},
  year = {2006},
  publisher = {Knights \& Knaves Alehouse}
}

@book{bingham2008,
  author = {Bingham, D},
  title = {Old School System},
  year = {2008},
  publisher = {Mongoose Publishing}
}

@book{jackson2004,
  author = {Jackson, S},
  title = {GURPS Basic Set: Characters and Campaigns (4th Edition)},
  year = {2004},
  publisher = {Steve Jackson Games}
}

@book{charlton1984,
  author = {Charlton, P},
  title = {Rolemaster},
  year = {1984},
  publisher = {Iron Crown Enterprises}
}

@book{stephan1987,
  author = {Stephan, S},
  title = {Talislanta (4th Edition)},
  year = {1987},
  publisher = {Bard Games}
}

@book{tolkien1954,
  author = {Tolkien, J},
  title = {The Lord of the Rings},
  year = {1954},
  publisher = {Allen \& Unwin}
}

@book{tolkien1955,
  author = {Tolkien, J},
  title = {The Return of the King, Appendix F: The Languages and Peoples of the Third Age},
  year = {1955},
  publisher = {Allen \& Unwin}
}

@article{howard1932,
  author = {Howard, R},
  title = {Conan the Barbarian Tales},
  journal = {Weird Tales Magazine},
  year = {1932}
}

@article{moorcock1961,
  author = {Moorcock, M},
  title = {Elric of Melniboné},
  journal = {Science Fantasy Magazine},
  year = {1961}
}

@book{leguin1968,
  author = {Le Guin, U},
  title = {A Wizard of Earthsea},
  year = {1968},
  publisher = {Parnassus Press}
}

@book{leiber1970,
  author = {Leiber, F},
  title = {Swords and Deviltry},
  year = {1970},
  publisher = {Ace Books}
}

@book{martin1996,
  author = {Martin, G},
  title = {A Game of Thrones},
  year = {1996},
  publisher = {Bantam Spectra}
}

@book{sanderson2006,
  author = {Sanderson, B},
  title = {Mistborn: The Final Empire},
  year = {2006},
  publisher = {Tor Books}
}

@book{abercrombie2006,
  author = {Abercrombie, J},
  title = {The Blade Itself},
  year = {2006},
  publisher = {Gollancz}
}

@book{cook1984,
  author = {Cook, G},
  title = {The Black Company},
  year = {1984},
  publisher = {Tor Books}
}

@book{erikson1999,
  author = {Erikson, S},
  title = {Gardens of the Moon},
  year = {1999},
  publisher = {Bantam UK}
}

@book{lovecraft1973,
  author = {Lovecraft, H},
  title = {The Dunwich Horror and Others},
  year = {1973},
  publisher = {Arkham House}
}

@book{barker1988,
  author = {Barker, C},
  title = {Weaveworld},
  year = {1988},
  publisher = {Collins}
}

@book{gaiman1996,
  author = {Gaiman, N},
  title = {Neverwhere},
  year = {1996},
  publisher = {BBC Books}
}

@book{butcher2000,
  author = {Butcher, J},
  title = {Storm Front},
  year = {2000},
  publisher = {Roc Books}
}

@book{campbell1949,
  author = {Campbell, J},
  title = {The Hero with a Thousand Faces},
  year = {1949},
  publisher = {Pantheon Books}
}

@book{frazer1890,
  author = {Frazer, J},
  title = {The Golden Bough},
  year = {1890},
  publisher = {Macmillan}
}

@book{grimm1812,
  author = {Grimm, J},
  title = {Kinder- und Hausmärchen},
  year = {1812},
  publisher = {Realschulbuchhandlung}
}

@book{sturluson1220,
  author = {Sturluson, S},
  title = {Prose Edda},
  year = {1220},
  publisher = {Islanda}
}

@book{legoff1964,
  author = {Le Goff, J},
  title = {La Civilisation de l'Occident médiéval},
  year = {1964},
  publisher = {Arthaud}
}

@book{bloch1961,
  author = {Bloch, M},
  title = {Feudal Society},
  year = {1961},
  publisher = {University of Chicago Press}
}

@book{duby1978,
  author = {Duby, G},
  title = {The Three Orders: Feudal Society Imagined},
  year = {1978},
  publisher = {University of Chicago Press}
}

@book{huizinga1919,
  author = {Huizinga, J},
  title = {The Autumn of the Middle Ages},
  year = {1919},
  publisher = {Arnold}
}

@book{gieslife1974,
  author = {Gies, J},
  title = {Life in a Medieval Castle},
  year = {1974},
  publisher = {Crowell}
}

@book{giescity1981,
  author = {Gies, J},
  title = {Life in a Medieval City},
  year = {1981},
  publisher = {Crowell}
}

@book{power1975,
  author = {Power, E},
  title = {Medieval Women},
  year = {1975},
  publisher = {Cambridge University Press}
}

@book{oakeshott1964,
  author = {Oakeshott, E},
  title = {The Sword in the Age of Chivalry},
  year = {1964},
  publisher = {Arms and Armour Press}
}

@book{blair1958,
  author = {Blair, C},
  title = {European Armour: Circa 1066 to Circa 1700},
  year = {1958},
  publisher = {Batsford}
}

@book{keegan1976,
  author = {Keegan, J},
  title = {The Face of Battle},
  year = {1976},
  publisher = {Jonathan Cape}
}

@book{thomas1971,
  author = {Thomas, K},
  title = {Religion and the Decline of Magic},
  year = {1971},
  publisher = {Weidenfeld and Nicolson}
}

@book{kieckhefer1989,
  author = {Kieckhefer, R},
  title = {Magic in the Middle Ages},
  year = {1989},
  publisher = {Cambridge University Press}
}

@book{russell1972,
  author = {Russell, J},
  title = {Witchcraft in the Middle Ages},
  year = {1972},
  publisher = {Cornell University Press}
}

@book{toy1955,
  author = {Toy, S},
  title = {A History of Fortification from 3000 BC to AD 1700},
  year = {1955},
  publisher = {Heinemann}
}

@book{brown1976,
  author = {Brown, R},
  title = {English Castles},
  year = {1976},
  publisher = {Batsford}
}

@book{lopez1976,
  author = {Lopez, R},
  title = {The Commercial Revolution of the Middle Ages, 950-1350},
  year = {1976},
  publisher = {Cambridge University Press}
}

@book{postan1972,
  author = {Postan, M},
  title = {The Medieval Economy and Society},
  year = {1972},
  publisher = {Weidenfeld and Nicolson}
}

@book{vogler2007,
  author = {Vogler, C},
  title = {The Writer's Journey: Mythic Structure for Writers},
  year = {2007},
  publisher = {Michael Wiese Productions}
}

@book{mckee1997,
  author = {McKee, R},
  title = {Story: Substance, Structure, Style and the Principles of Screenwriting},
  year = {1997},
  publisher = {ReganBooks}
}

@book{eliade1957,
  author = {Eliade, M},
  title = {The Sacred and the Profane},
  year = {1957},
  publisher = {Harcourt}
}

@book{vangennep1960,
  author = {van Gennep, A},
  title = {The Rites of Passage},
  year = {1960},
  publisher = {University of Chicago Press}
}

@book{peterson2015,
  author = {Peterson, D},
  title = {The Art of Language Invention},
  year = {2015},
  publisher = {Penguin Books}
}

@book{fonstad1991,
  author = {Fonstad, K},
  title = {The Atlas of Middle-earth},
  year = {1991},
  publisher = {Houghton Mifflin}
}

@book{jones1996,
  author = {Jones, D},
  title = {The Tough Guide to Fantasyland},
  year = {1996},
  publisher = {Vista}
}

@book{aristotle350bc,
  author = {Aristotle},
  title = {Nicomachean Ethics},
  publisher = {Ross}
}

@book{aquinas1265,
  author = {Aquinas, T},
  title = {Summa Theologica},
  year = {1265},
  publisher = {Translated by Fathers of the English Dominican Province}
}

@book{clute1997,
  author = {Clute, J},
  title = {The Encyclopedia of Fantasy},
  year = {1997},
  publisher = {Martin's Griffin}
}

@book{ashley1999,
  author = {Ashley, M},
  title = {The Mammoth Book of Fantasy},
  year = {1999},
  publisher = {Carroll \& Graf}
}

@book{braudel1979,
  author = {Braudel, F},
  title = {Civiltà materiale, economia e capitalismo (secoli XV-XVIII)},
  year = {1979},
  publisher = {Einaudi}
}

@book{cipolla1994,
  author = {Cipolla, C},
  title = {Storia economica dell'Europa pre-industriale},
  year = {1994},
  publisher = {Il Mulino}
}

@book{LaStoriaInfinita,
  author = {Michael, Ende},
  title = {The Neverending Story},
  year = {1979}
}

@book{weis_hickman_dragonlance_en,
  author = {Margaret Weis and Tracy Hickman},
  title = {Dragonlance Chronicles},
  publisher = {Original trilogy: Dragons of Autumn Twilight, Dragons of Winter Night, Dragons of Spring Dawning}
}

@book{leiber_swords_sorcery,
  author = {Fritz Leiber},
  title = {The Complete Fafhrd and Gray Mouser},
  publisher = {Complete collection of Sword \& Sorcery tales}
}

@book{moorcock_stormbringer_en,
  author = {Michael Moorcock},
  title = {Stormbringer},
  publisher = {Elric of Melniboné series}
}

@book{rodari_fiabe_telefono,
  author = {Gianni Rodari},
  title = {Favole al telefono},
  publisher = {Raccolta di fiabe per bambini}
}

@book{calvino_fiabe_italiane,
  author = {Italo Calvino},
  title = {Fiabe italiane},
  publisher = {Raccolta e rielaborazione di fiabe popolari italiane}
}

@book{agostino_confessioni,
  author = {Sant'Agostino},
  title = {Confessioni},
  publisher = {Opera autobiografica e teologica}
}

@book{AngeliF2020,
  author = {Angeli, Federica},
  title = {Le avventure di una mezza Pixie},
  year = {2021}
}

@book{AngeliF2022,
  author = {Angeli, Federica},
  title = {Nuove avventure di una fatina},
  year = {2022}
}

@book{AngeliF2023,
  author = {Angeli, Federica},
  title = {Viaggio nel primo mondo},
  year = {2023}
}

@book{AngeliF2024,
  author = {Angeli, Federica},
  title = {Lama di luce},
  year = {2024}
}

@book{AngeliF2024,
  author = {Angeli, Federica},
  title = {Il Guardiano di Falkonia},
  year = {2024}
}
