% Bibliografia generata automaticamente dal convertitore LaTeX->BibTeX
% Compatibile con biblatex e backend biber
% VERSIONE CORRETTA - Sintassi BibTeX valida

@book{myers1995,
  author = {Myers, I},
  title = {I Tipi Psicologici: Come la diversità fra le persone influenza la vita, il lavoro, le relazioni},
  year = {1995},
  publisher = {Astrolabio Ubaldini}
}

@book{jung1971,
  author = {Jung, C},
  title = {Tipi Psicologici},
  year = {1971},
  publisher = {Bollati Boringhieri}
}

@book{quenk2000,
  author = {Quenk, N},
  title = {Elementi Essenziali della Valutazione con l'Indicatore Myers-Briggs},
  year = {2000},
  publisher = {John Wiley \& Sons}
}

@manual{briggs2015,
  author = {Briggs-Myers, I},
  title = {Manuale MBTI: Guida allo Sviluppo e all'Uso dello Strumento Indicatore di Tipo Myers-Briggs},
  year = {2015},
  publisher = {CPP}
}

@book{tieger2014,
  author = {Tieger, P},
  title = {Fai ciò che sei: Scopri il lavoro perfetto per te attraverso i segreti del tipo di personalità},
  year = {2014},
  publisher = {Little, Brown Spark}
}

@book{keirsey1998,
  author = {Keirsey, D},
  title = {Per Favore Comprendimi II: Temperamento, Carattere, Intelligenza},
  year = {1998},
  publisher = {Prometheus Nemesis Book Company}
}

@book{laws2001,
  author = {Laws, R},
  title = {Le Leggi di Robin per essere un Buon Game Master},
  year = {2001},
  publisher = {Steve Jackson Games}
}

@book{laws2013,
  author = {Laws, R},
  title = {La Guida del Game Master ai PNG},
  year = {2013},
  publisher = {Pelgrane Press}
}

@book{koster2004,
  author = {Koster, R},
  title = {Una Teoria del Divertimento per la Progettazione di Giochi},
  year = {2004},
  publisher = {Paraglyph Press}
}

@book{gygax1974,
  author = {Gygax, G},
  title = {Dungeons \& Dragons},
  year = {1974},
  publisher = {TSR}
}

@manual{tweet2003,
  author = {Tweet, J},
  title = {Manuale del Giocatore di Dungeons \& Dragons: Manuale Base I},
  year = {2003},
  publisher = {Wizards of the Coast}
}

@manual{crawford2014,
  author = {Crawford, J},
  title = {Manuale del Giocatore di Dungeons \& Dragons (5a Edizione)},
  year = {2014},
  publisher = {Wizards of the Coast}
}

@manual{bulmahn2009,
  author = {Bulmahn, J},
  title = {Pathfinder Gioco di Ruolo - Manuale Base},
  year = {2009},
  publisher = {Paizo Publishing}
}

@manual{bonner2019,
  author = {Bonner, L},
  title = {Pathfinder Seconda Edizione - Manuale Base},
  year = {2019},
  publisher = {Paizo Publishing}
}

@manual{achilli2007,
  author = {Achilli, J},
  title = {Mondo di Tenebra: Manuale del Sistema Narrativo},
  year = {2007},
  publisher = {White Wolf Publishing}
}

@book{pondsmith1990,
  author = {Pondsmith, M},
  title = {Cyberpunk 2020},
  year = {1990},
  publisher = {Talsorian Games}
}

@book{charrette1992,
  author = {Charrette, R},
  title = {Shadowrun Second Edition},
  year = {1992},
  publisher = {FASA Corporation}
}

@book{baker2004,
  author = {Baker, V},
  title = {Dogs in the Vineyard},
  year = {2004},
  publisher = {Lumpley Games}
}

@book{harper2017,
  author = {Harper, J},
  title = {Blades in the Dark},
  year = {2017},
  publisher = {Evil Hat Productions}
}

@book{hicks2016,
  author = {Hicks, F},
  title = {Fate Sistema Base},
  year = {2016},
  publisher = {Evil Hat Productions}
}

@manual{gygax1989,
  author = {Gygax, G},
  title = {Advanced Dungeons \& Dragons Manuale del Giocatore (2a Edizione)},
  year = {1989},
  publisher = {TSR}
}

@book{proctor2006,
  author = {Proctor, D},
  title = {Labyrinth Lord},
  year = {2006},
  publisher = {Goblinoid Games}
}

@book{finch2006,
  author = {Finch, M},
  title = {OSRIC: Compilazione di Riferimento e Indice della Vecchia Scuola},
  year = {2006},
  publisher = {Knights \& Knaves Alehouse}
}

@book{bingham2008,
  author = {Bingham, D},
  title = {Sistema Vecchia Scuola},
  year = {2008},
  publisher = {Mongoose Publishing}
}

@book{jackson2004,
  author = {Jackson, S},
  title = {GURPS Set Base: Personaggi e Campagne (4a Edizione)},
  year = {2004},
  publisher = {Steve Jackson Games}
}

@book{charlton1984,
  author = {Charlton, P},
  title = {Rolemaster Fantasy Role Playing},
  year = {1984},
  publisher = {Iron Crown Enterprises}
}

@book{stephan1987,
  author = {Stephan, S},
  title = {Talislanta (4a Edizione)},
  year = {1987},
  publisher = {Bard Games}
}

@book{tolkien1954,
  author = {Tolkien, J},
  title = {Il Signore degli Anelli},
  year = {1954},
  publisher = {Rusconi}
}

@book{tolkien1955,
  author = {Tolkien, J},
  title = {Il Ritorno del Re, Appendice F: Le Lingue e i Popoli della Terza Era},
  year = {1955},
  publisher = {Rusconi}
}

@article{howard1932,
  author = {Howard, R},
  title = {Racconti di Conan il Barbaro},
  journal = {Weird Tales Magazine},
  year = {1932}
}

@article{moorcock1961,
  author = {Moorcock, M},
  title = {Elric di Melniboné},
  journal = {Science Fantasy Magazine},
  year = {1961}
}

@book{leguin1968,
  author = {Le Guin, U},
  title = {Il Mago di Earthsea},
  year = {1968},
  publisher = {Parnassus Press}
}

@book{leiber1970,
  author = {Leiber, F},
  title = {Spade e Sortilegi},
  year = {1970},
  publisher = {Ace Books}
}

@book{martin1996,
  author = {Martin, G},
  title = {Il Trono di Spade},
  year = {1996},
  publisher = {Mondadori}
}

@book{sanderson2006,
  author = {Sanderson, B},
  title = {Mistborn: L'Ultimo Impero},
  year = {2006},
  publisher = {Mondadori}
}

@book{abercrombie2006,
  author = {Abercrombie, J},
  title = {Il Primo dei Caduti},
  year = {2006},
  publisher = {Mondadori}
}

@book{cook1984,
  author = {Cook, G},
  title = {La Compagnia Nera},
  year = {1984},
  publisher = {Nord}
}

@book{erikson1999,
  author = {Erikson, S},
  title = {I Giardini della Luna},
  year = {1999},
  publisher = {Armenia}
}

@book{lovecraft1973,
  author = {Lovecraft, H},
  title = {L'Orrore di Dunwich e Altri Racconti},
  year = {1973},
  publisher = {Mondadori}
}

@book{barker1988,
  author = {Barker, C},
  title = {Mondo Segreto},
  year = {1988},
  publisher = {Sonzogno}
}

@book{gaiman1996,
  author = {Gaiman, N},
  title = {Nessun Dove},
  year = {1996},
  publisher = {Mondadori}
}

@book{butcher2000,
  author = {Butcher, J},
  title = {Tempesta di Ghiaccio},
  year = {2000},
  publisher = {Nord}
}

@book{campbell1949,
  author = {Campbell, J},
  title = {L'Eroe dai Mille Volti},
  year = {1949},
  publisher = {Lindau}
}

@book{frazer1890,
  author = {Frazer, J},
  title = {Il Ramo d'Oro},
  year = {1890},
  publisher = {Bollati Boringhieri}
}

@book{grimm1812,
  author = {Grimm, J},
  title = {Fiabe del Focolare},
  year = {1812},
  publisher = {Einaudi}
}

@book{sturluson1220,
  author = {Sturluson, S},
  title = {Edda in Prosa},
  year = {1220},
  publisher = {Adelphi}
}

@book{legoff1964,
  author = {Le Goff, J},
  title = {La Civiltà dell'Occidente Medievale},
  year = {1964},
  publisher = {Einaudi}
}

@book{bloch1961,
  author = {Bloch, M},
  title = {La Società Feudale},
  year = {1961},
  publisher = {Einaudi}
}

@book{duby1978,
  author = {Duby, G},
  title = {Le Tre Ordini o l'Immaginario del Feudalesimo},
  year = {1978},
  publisher = {Einaudi}
}

@book{huizinga1919,
  author = {Huizinga, J},
  title = {L'Autunno del Medioevo},
  year = {1919},
  publisher = {Rizzoli}
}

@book{gieslife1974,
  author = {Gies, J},
  title = {La Vita in un Castello Medievale},
  year = {1974},
  publisher = {Piemme}
}

@book{giescity1981,
  author = {Gies, J},
  title = {La Vita in una Città Medievale},
  year = {1981},
  publisher = {Piemme}
}

@book{power1975,
  author = {Power, E},
  title = {Donne del Medioevo},
  year = {1975},
  publisher = {Cambridge University Press}
}

@book{oakeshott1964,
  author = {Oakeshott, E},
  title = {La Spada nell'Età della Cavalleria},
  year = {1964},
  publisher = {Arms and Armour Press}
}

@book{blair1958,
  author = {Blair, C},
  title = {Armature Europee: Circa 1066 - Circa 1700},
  year = {1958},
  publisher = {Batsford}
}

@book{keegan1976,
  author = {Keegan, J},
  title = {Il Volto della Battaglia},
  year = {1976},
  publisher = {Il Saggiatore}
}

@book{thomas1971,
  author = {Thomas, K},
  title = {La Religione e il Declino della Magia},
  year = {1971},
  publisher = {Mondadori}
}

@book{kieckhefer1989,
  author = {Kieckhefer, R},
  title = {La Magia nel Medioevo},
  year = {1989},
  publisher = {Laterza}
}

@book{russell1972,
  author = {Russell, J},
  title = {La Stregoneria nel Medioevo},
  year = {1972},
  publisher = {Mondadori}
}

@book{toy1955,
  author = {Toy, S},
  title = {Storia delle Fortificazioni dal 3000 a.C. al 1700 d.C.},
  year = {1955},
  publisher = {Heinemann}
}

@book{brown1976,
  author = {Brown, R},
  title = {Castelli Inglesi},
  year = {1976},
  publisher = {Batsford}
}

@book{lopez1976,
  author = {Lopez, R},
  title = {La Rivoluzione Commerciale del Medioevo, 950-1350},
  year = {1976},
  publisher = {Einaudi}
}

@book{postan1972,
  author = {Postan, M},
  title = {L'Economia e la Società Medievale},
  year = {1972},
  publisher = {Einaudi}
}

@book{vogler2007,
  author = {Vogler, C},
  title = {Il Viaggio dell'Eroe: La Struttura del Mito per Scrittori},
  year = {2007},
  publisher = {Dino Audino}
}

@book{mckee1997,
  author = {McKee, R},
  title = {Story: Sostanza, Struttura, Stile e Principi della Sceneggiatura},
  year = {1997},
  publisher = {International Forum}
}

@book{eliade1957,
  author = {Eliade, M},
  title = {Il Sacro e il Profano},
  year = {1957},
  publisher = {Bollati Boringhieri}
}

@book{vangennep1960,
  author = {van Gennep, A},
  title = {I Riti di Passaggio},
  year = {1960},
  publisher = {Bollati Boringhieri}
}

@book{peterson2015,
  author = {Peterson, D},
  title = {L'Arte dell'Invenzione Linguistica},
  year = {2015},
  publisher = {Hoepli}
}

@book{fonstad1991,
  author = {Fonstad, K},
  title = {L'Atlante della Terra di Mezzo},
  year = {1991},
  publisher = {Bompiani}
}

@book{jones1996,
  author = {Jones, D},
  title = {La Guida Dura alla Terra della Fantasia},
  year = {1996},
  publisher = {Vista}
}

@book{aristotle350bc,
  author = {Aristotele},
  title = {Etica Nicomachea},
  year = {1993},
  publisher = {Laterza}
}

@book{aquinas1265,
  author = {Tommaso d'Aquino},
  title = {Summa Theologica},
  year = {1988},
  publisher = {Edizioni Studio Domenicano}
}

@book{clute1997,
  author = {Clute, J},
  title = {L'Enciclopedia del Fantasy},
  year = {1997},
  publisher = {Martin's Griffin}
}

@book{ashley1999,
  author = {Ashley, M},
  title = {Il Grande Libro del Fantasy},
  year = {1999},
  publisher = {Carroll Graf}
}

@book{braudel1979,
  author = {Braudel, F},
  title = {Civiltà materiale, economia e capitalismo (secoli XV-XVIII)},
  year = {1979},
  publisher = {Einaudi}
}

@book{cipolla1994,
  author = {Cipolla, C},
  title = {Storia economica dell Europa pre-industriale},
  year = {1994},
  publisher = {Il Mulino}
}

@book{ende1979,
  author = {Ende, M},
  title = {La Storia Infinita},
  year = {1979},
  publisher = {Longanesi}
}

@book{weis_hickman_dragonlance_it,
  author = {Weis, M},
  title = {Dragonlance Chronicles},
  year = {1987},
  publisher = {Armenia Editore}
}

@book{leiber_swords_sorcery,
  author = {Leiber, F},
  title = {The Complete Fafhrd and Gray Mouser},
  year = {2014},
  publisher = {Subterranean Press}
}

@book{moorcock_stormbringer_it,
  author = {Moorcock, M},
  title = {Stormbringer},
  year = {1977},
  publisher = {Editrice Nord}
}

@book{rodari_fiabe_telefono,
  author = {Rodari, G},
  title = {Favole al telefono},
  year = {1962},
  publisher = {Einaudi Ragazzi}
}

@book{calvino_fiabe_italiane,
  author = {Calvino, I},
  title = {Fiabe italiane},
  year = {1956},
  publisher = {Einaudi}
}

@book{agostino_confessioni,
  author = {Sant'Agostino (397)},
  title = {Confessioni}
}

@book{angeli2021,
  author = {Angeli, F},
  title = {Le avventure di una mezza Pixie},
  year = {2021}
}

@book{angeli2022,
  author = {Angeli, F},
  title = {Nuove avventure di una fatina},
  year = {2022}
}

@book{angeli2023,
  author = {Angeli, F},
  title = {Viaggio nel primo mondo},
  year = {2023}
}

@book{angeli2024a,
  author = {Angeli, F},
  title = {Lama di luce},
  year = {2024}
}

@book{angeli2024b,
  author = {Angeli, F},
  title = {Il Guardiano di Falkonia},
  year = {2024}
}
